%%%%%%%%%%%%%%%%%%%%%%%%%%%%%%%%%%%%%%%%%%%%%%%%%%%%%
% You can add more references here. In the text     %
% just use:                                         %
%    \cite{....}                                    %
%%%%%%%%%%%%%%%%%%%%%%%%%%%%%%%%%%%%%%%%%%%%%%%%%%%%%

@Article{deuteronspin1,
  author =       {T. Ericson and W. Weise},
  title =        {Pions and Nuclei},
  journal =      {The International Series of Monographs in Physics},
  year =         1998,
  volume =    74,
  pages =     {49},
  publisher = {Clarendon , Oxford}
}

@Article{decomp,
  title = {Possible Triple-Scattering Experiments},
  author = {Wolfenstein, L.},
  journal = {Physical  Review },
  volume = {96},
  issue = {6},
  pages = {1654-1658},
  numpages = {4},
  year = {1954},
  publisher = {American Physical Society},
  doi = {10.1103/PhysRev.96.1654},
  url = {http://link.aps.org/doi/10.1103/PhysRev.96.1654}
}

