@article{reinkrebs2018,
    author         = "Reinert, P. and Krebs, H. and Epelbaum, E.",
    title          = "{Semilocal momentum-space regularized chiral two-nucleon
                      potentials up to fifth order}",
    journal        = "Eur. Phys. J.",
    volume         = "A54",
    year           = "2018",
    number         = "5",
    pages          = "86",
    doi            = "10.1140/epja/i2018-12516-4",
    eprint         = "1711.08821",
    archivePrefix  = "arXiv",
    primaryClass   = "nucl-th",
    SLACcitation   = "%%CITATION = ARXIV:1711.08821;%%"
}

@preamble{ {\providecommand{\BIBUlf}{Ulf-G}} }

@article{skibgol2016,
    AUTHOR="R Skibi{\'n}ski and J Golak and K Topolnicki and H Wita{\l}a and E Epelbaum and H Kamada and H Krebs and {\BIBUlf} Mei{\ss}ner and A Nogga",
    title          = "{Testing semi-local chiral two-nucleon interaction in
                      selected electroweak processes}",
    journal        = "Phys. Rev.",
    volume         = "C93",
    year           = "2016",
    number         = "6",
    pages          = "064002",
    doi            = "10.1103/PhysRevC.93.064002",
    eprint         = "1604.03395",
    archivePrefix  = "arXiv",
    primaryClass   = "nucl-th",
    SLACcitation   = "%%CITATION = ARXIV:1604.03395;%%"
}

@article{epelkrebs2015,
    author="E Epelbaum and H Krebs and {\BIBUlf} Mei{\ss}ner",
    title          = "{Precision nucleon-nucleon potential at fifth order in
                      the chiral expansion}",
    journal        = "Phys. Rev. Lett.",
    volume         = "115",
    year           = "2015",
    number         = "12",
    pages          = "122301",
    doi            = "10.1103/PhysRevLett.115.122301",
    eprint         = "1412.4623",
    archivePrefix  = "arXiv",
    primaryClass   = "nucl-th",
    SLACcitation   = "%%CITATION = ARXIV:1412.4623;%%"
}


@article{epelglockle98,
      author         = "Epelbaum, E. and Gl{\"{o}}ckle, Walter and Mei{\ss}ner, {\BIBUlf}",
      title          = "{Nuclear forces from chiral Lagrangians using the method
                        of unitary transformation. 1. Formalism}",
      journal        = "Nucl. Phys.",
      volume         = "A637",
      year           = "1998",
      pages          = "107-134",
      doi            = "10.1016/S0375-9474(98)00220-6",
      eprint         = "nucl-th/9801064",
      archivePrefix  = "arXiv",
      primaryClass   = "nucl-th",
      reportNumber   = "KFA-IKP-TH-1997-19",
      SLACcitation   = "%%CITATION = NUCL-TH/9801064;%%"
}

@article{epelglockle2000,
      author         = "Epelbaum, E. and Gl{\"{o}}ckle, Walter and Mei{\ss}ner, {\BIBUlf}",
      title          = "{Nuclear forces from chiral Lagrangians using the method
                        of unitary transformation. 2. The two nucleon system}",
      journal        = "Nucl. Phys.",
      volume         = "A671",
      year           = "2000",
      pages          = "295-331",
      doi            = "10.1016/S0375-9474(99)00821-0",
      eprint         = "nucl-th/9910064",
      archivePrefix  = "arXiv",
      primaryClass   = "nucl-th",
      reportNumber   = "FZJ-IKP-TH-1999-19, FZJ-IKP(TH)-1999-19",
      SLACcitation   = "%%CITATION = NUCL-TH/9910064;%%"
}

@article{Rozpedzik2011,
      author         = "Rozp\c{e}dzik, D. and Golak, J. and K{\"{o}}lling, S. and Epelbaum,
                        E. and Skibi{\'n}ski, R. and Wita{\l}a, H. and Krebs, H.",
      title          = "{Signatures of the chiral two-pion exchange
                        electromagnetic currents in the 2H and 3He
                        photodisintegration reactions}",
      journal        = "Phys. Rev.",
      volume         = "C83",
      year           = "2011",
      pages          = "064004",
      doi            = "10.1103/PhysRevC.83.064004",
      eprint         = "1103.4062",
      archivePrefix  = "arXiv",
      primaryClass   = "nucl-th",
      SLACcitation   = "%%CITATION = ARXIV:1103.4062;%%"
}

@article{Golak2005,
      author         = "Golak, J. and Skibi{\'n}ski, R. and Wita{\l}a, H. and Gl{\"{o}}ckle,
                        W. and Nogga, A. and Kamada, H.",
      title          = "{Electron and photon scattering on three-nucleon bound
                        states}",
      journal        = "Phys. Rept.",
      volume         = "415",
      year           = "2005",
      pages          = "89-205",
      doi            = "10.1016/j.physrep.2005.04.005",
      eprint         = "nucl-th/0505072",
      archivePrefix  = "arXiv",
      primaryClass   = "nucl-th",
      reportNumber   = "FZJ-IKP-TH-2005-14",
      SLACcitation   = "%%CITATION = NUCL-TH/0505072;%%"
}

@article{Binder2015,
      author         = "Binder, S. and others",
      title          = "{Few-nucleon systems with state-of-the-art chiral
                        nucleon-nucleon forces}",
      collaboration  = "LENPIC",
      journal        = "Phys. Rev.",
      volume         = "C93",
      year           = "2016",
      number         = "4",
      pages          = "044002",
      doi            = "10.1103/PhysRevC.93.044002",
      eprint         = "1505.07218",
      archivePrefix  = "arXiv",
      primaryClass   = "nucl-th",
      SLACcitation   = "%%CITATION = ARXIV:1505.07218;%%"
}

@article{Skib2006,
      author         = "Skibi{\'n}ski, R. and Golak, J. and Wita{\l}a, H. and Gl{\"{o}}ckle,
                        W. and Nogga, A. and Epelbaum, E.",
      title          = "{Nucleon-deuteron capture with chiral potentials}",
      journal        = "Acta Phys. Polon.",
      volume         = "B37",
      year           = "2006",
      pages          = "2905-2918",
      eprint         = "nucl-th/0606021",
      archivePrefix  = "arXiv",
      primaryClass   = "nucl-th",
      SLACcitation   = "%%CITATION = NUCL-TH/0606021;%%"
}

@article{Skib2014,
      author         = "Skibi{\'n}ski, R. and Golak, J. and Rozp\c{e}dzik, D. and
                        Topolnicki, K. and Wita{\l}a, H.",
      title          = "{The chiral long-range two-pion exchange electromagnetic
                        currents in radiative nucleon-deuteron capture}",
      journal        = "Acta Phys. Polon.",
      volume         = "B46",
      year           = "2015",
      number         = "1",
      pages          = "159-168",
      doi            = "10.5506/APhysPolB.46.159",
      eprint         = "1411.4829",
      archivePrefix  = "arXiv",
      primaryClass   = "nucl-th",
      SLACcitation   = "%%CITATION = ARXIV:1411.4829;%%"
}

@article{AV18Wiringa,
      author         = "Wiringa, Robert B. and Stoks, V. G. J. and Schiavilla,
                        R.",
      title          = "{An Accurate nucleon-nucleon potential with charge
                        independence breaking}",
      journal        = "Phys. Rev.",
      volume         = "C51",
      year           = "1995",
      pages          = "38-51",
      doi            = "10.1103/PhysRevC.51.38",
      eprint         = "nucl-th/9408016",
      archivePrefix  = "arXiv",
      primaryClass   = "nucl-th",
      reportNumber   = "PHY-7742-TH-94, CEBAF-TH-94-19",
      SLACcitation   = "%%CITATION = NUCL-TH/9408016;%%"
}

@article{GolakKamad2000_ExplDescr,
      author         = "Golak, J. and Kamada, H. and Wita{\l}a, H. and Gl{\"o}ckle,
                        Walter and Kuro\'s, J. and Skibi\'nski, R. and Kotlyar, V. V.
                        and Sagara, K. and Akiyoshi, H.",
      title          = "{Faddeev calculations of proton deuteron radiative
                        capture with exchange currents}",
      journal        = "Phys. Rev.",
      volume         = "C62",
      year           = "2000",
      pages          = "054005",
      doi            = "10.1103/PhysRevC.62.054005",
      eprint         = "nucl-th/0006048",
      archivePrefix  = "arXiv",
      primaryClass   = "nucl-th",
      SLACcitation   = "%%CITATION = NUCL-TH/0006048;%%"
}


@article{DeSanctis_Experiment_Deut,
      author         = "De Sanctis, E. and others",
      title          = "{Deuteron Photodisintegration Cross-section Between
                        100-{MeV} and 220-{MeV}}",
      journal        = "Phys. Rev. Lett.",
      volume         = "54",
      year           = "1985",
      pages          = "1639",
      doi            = "10.1103/PhysRevLett.54.1639",
      reportNumber   = "LNF-84/52-P",
      SLACcitation   = "%%CITATION = PRLTA,54,1639;%%"
}

@article{Ying_Experiment_Deut,
      author         = "Ying, S. Q. and Henley, E. M. and Miller, G. A.",
      title          = "{DEUTERON PHOTODISINTEGRATION}",
      journal        = "Phys. Rev.",
      volume         = "C38",
      year           = "1988",
      note           = "including references", 
      pages          = "1584-1600",
      doi            = "10.1103/PhysRevC.38.1584",
      SLACcitation   = "%%CITATION = PHRVA,C38,1584;%%"
}

@article{EpelHam2008,
      author         = "Epelbaum, Evgeny and Hammer, Hans-Werner and Mei{\ss}ner,
                        Ulf-G.",
      title          = "{Modern Theory of Nuclear Forces}",
      journal        = "Rev. Mod. Phys.",
      volume         = "81",
      year           = "2009",
      pages          = "1773-1825",
      doi            = "10.1103/RevModPhys.81.1773",
      eprint         = "0811.1338",
      archivePrefix  = "arXiv",
      primaryClass   = "nucl-th",
      reportNumber   = "HISKP-TH-08-18, FZJ-IKP-TH-2008-20",
      SLACcitation   = "%%CITATION = ARXIV:0811.1338;%%"
}

@article{ArenhovelPhotodisint1991,
      author         = "Arenh{\"{o}}vel, H and Sanzone, M.",
      title          = "{Photodisintegration of the deuteron: A Review of theory
                        and experiment}",
      journal        = "Few Body Syst. Suppl.",
      volume         = "3",
      year           = "1991",
      pages          = "1-183",
      SLACcitation   = "%%CITATION = FBSSE,3,1;%%"
}

@article{Kolling2011,
      author         = "K{\"{o}}lling, S. and Epelbaum, E. and Krebs, H. and Mei{\ss}ner,
                        U. -G.",
      title          = "{Two-nucleon electromagnetic current in chiral effective
                        field theory: One-pion exchange and short-range
                        contributions}",
      journal        = "Phys. Rev.",
      volume         = "C84",
      year           = "2011",
      pages          = "054008",
      doi            = "10.1103/PhysRevC.84.054008",
      eprint         = "1107.0602",
      archivePrefix  = "arXiv",
      primaryClass   = "nucl-th",
      SLACcitation   = "%%CITATION = ARXIV:1107.0602;%%"
}

@article{Arenhovel2001,
      author         = "Arenh{\"{o}}vel, Hartmuth and Schwamb, Michael",
      title          = "{Construction of consistent meson exchange currents by
                        Laplace transform}",
      journal        = "Eur. Phys. J.",
      volume         = "A12",
      year           = "2001",
      pages          = "207-215",
      doi            = "10.1007/s100500170029",
      eprint         = "nucl-th/0108053",
      archivePrefix  = "arXiv",
      primaryClass   = "nucl-th",
      reportNumber   = "MKPH-T-01-10",
      SLACcitation   = "%%CITATION = NUCL-TH/0108053;%%"
}

@article{Rozpedzikphd,
      author         = "Rozp\c{e}dzik,D.",
      journal        = "PhD thesis",
      year           = "2010"
}

@article{Piarulli2012,
      author         = "Piarulli, M. and Girlanda, L. and Marcucci, L. E. and
                        Pastore, S. and Schiavilla, R. and Viviani, M.",
      title          = "{Electromagnetic structure of A = 2 and 3 nuclei in
                        chiral effective field theory}",
      journal        = "Phys. Rev.",
      volume         = "C87",
      year           = "2013",
      number         = "1",
      pages          = "014006",
      doi            = "10.1103/PhysRevC.87.014006",
      eprint         = "1212.1105",
      archivePrefix  = "arXiv",
      primaryClass   = "nucl-th",
      reportNumber   = "JLAB-THY-12-1665",
      SLACcitation   = "%%CITATION = ARXIV:1212.1105;%%"
}

@article{Machleidt2011,
      author         = "Machleidt, R. and Entem, D. R.",
      title          = "{Chiral effective field theory and nuclear forces}",
      journal        = "Phys. Rept.",
      volume         = "503",
      year           = "2011",
      pages          = "1-75",
      doi            = "10.1016/j.physrep.2011.02.001",
      eprint         = "1105.2919",
      archivePrefix  = "arXiv",
      primaryClass   = "nucl-th",
      SLACcitation   = "%%CITATION = ARXIV:1105.2919;%%"
}

@article{Epelbaum2014SCS,
      author         = "Epelbaum, E. and Krebs, H. and Mei{\ss}ner, U. G.",
      title          = "{Precision nucleon-nucleon potential at fifth order in
                        the chiral expansion}",
      journal        = "Phys. Rev. Lett.",
      volume         = "115",
      year           = "2015",
      number         = "12",
      pages          = "122301",
      doi            = "10.1103/PhysRevLett.115.122301",
      eprint         = "1412.4623",
      archivePrefix  = "arXiv",
      primaryClass   = "nucl-th",
      SLACcitation   = "%%CITATION = ARXIV:1412.4623;%%"
}

@article{Carlson1997,
      author         = "Carlson, J. and Schiavilla, R.",
      title          = "{Structure and Dynamics of Few Nucleon Systems}",
      journal        = "Rev. Mod. Phys.",
      volume         = "70",
      year           = "1998",
      pages          = "743-842",
      doi            = "10.1103/RevModPhys.70.743",
      reportNumber   = "JLAB-THY-97-20",
      SLACcitation   = "%%CITATION = RMPHA,70,743;%%"
}

@incollection{Riska2017,
      author         = "Riska, D. O. and Schiavilla, R.",
      title          = "{Chiral electroweak currents in nuclei}",
      editor         = "Holt, J.W. and Kuo, Thomas T.S. and Phua, K.K. and Rho,
                        M. and Zahed, I.",
      booktitle      = "Quarks, Nuclei and Stars: Memorial Volume Dedicated to
                        Gerald E Brown",
      year           = "2017",
      pages          = "315-343",
      doi            = "10.1142/9789813220669_0021",
      SLACcitation   = "%%CITATION = INSPIRE-1629906;%%"
}

@article{Bernard2008,
      author         = "Bernard, V. and Epelbaum, E. and Krebs, H. and Mei{\ss}ner,
                        Ulf-G.",
      title          = "{Subleading contributions to the chiral three-nucleon
                        force. I. Long-range terms}",
      journal        = "Phys. Rev.",
      volume         = "C77",
      year           = "2008",
      pages          = "064004",
      doi            = "10.1103/PhysRevC.77.064004",
      eprint         = "0712.1967",
      archivePrefix  = "arXiv",
      primaryClass   = "nucl-th",
      reportNumber   = "FZJ-IKP-TH-2007-33, HISKP-TH-07-27",
      SLACcitation   = "%%CITATION = ARXIV:0712.1967;%%"
}

@article{Bernard2011,
      author         = "Bernard, V. and Epelbaum, E. and Krebs, H. and Mei{\ss}ner,
                        U. -G.",
      title          = "{Subleading contributions to the chiral three-nucleon
                        force II: Short-range terms and relativistic corrections}",
      journal        = "Phys. Rev.",
      volume         = "C84",
      year           = "2011",
      pages          = "054001",
      doi            = "10.1103/PhysRevC.84.054001",
      eprint         = "1108.3816",
      archivePrefix  = "arXiv",
      primaryClass   = "nucl-th",
      SLACcitation   = "%%CITATION = ARXIV:1108.3816;%%"
}

@article{Krebs2019,
      author         = "Krebs, Hermann",
      title          = "{Electroweak Current Operators in Chiral Effective Field
                        Theory}",
      booktitle      = "{Proceedings, 9th International Workshop on Chiral
                        Dynamics (CD18): Durham (NC), United States}",
      journal        = "PoS",
      volume         = "CD2018",
      year           = "2019",
      pages          = "098",
      doi            = "10.22323/1.317.0098",
      eprint         = "1908.01538",
      archivePrefix  = "arXiv",
      primaryClass   = "nucl-th",
      SLACcitation   = "%%CITATION = ARXIV:1908.01538;%%"
}


@article{Golak2014,
      author         = "Golak, J. and Skibi\'ski, R. and Wita{\l}a, H. and
                        Topolnicki, K. and Elmeshneb, A. E. and Kamada, H. and
                        Nogga, A. and Marcucci, L. E.",
      title          = "{Break-up channels in muon capture on $^3$He}",
      journal        = "Phys. Rev.",
      volume         = "C90",
      year           = "2014",
      number         = "2",
      pages          = "024001",
      doi            = "10.1103/PhysRevC.90.029904, 10.1103/PhysRevC.90.024001",
      note           = "[Addendum: Phys. Rev.C90,no.2,029904(2014)]",
      eprint         = "1406.6781",
      archivePrefix  = "arXiv",
      primaryClass   = "nucl-th",
      SLACcitation   = "%%CITATION = ARXIV:1406.6781;%%"
}


PRC 1 citation
Momentum space treatment of inclusive neutrino scattering off the deuteron and trinucleons
J. Golak, R. Skibiński, K. Topolnicki, H. Witała, A. Grassi, H. Kamada, and L. E. Marcucci
Phys. Rev. C 98, 015501 (2018) - Published 12 July 2018


From response functions to cross sections in neutrino scattering off the deuteron and trinucleons
J. Golak, R. Skibiński, K. Topolnicki, H. Witała, A. Grassi, H. Kamada, and L. E. Marcucci
Phys. Rev. C 100, 064003 (2019) - Published 26 December 2019



@article{Golak2019,
      author         = "Golak, J. and Skibi\'ski, R. and Topolnicki, K. and Wita{\l}a, H.
                        and Grassi, A. and Kamada, H. and
                        Marcucci, L. E.",
      title          = "{From response functions to cross sections in neutrino scattering off the deuteron and trinucleons}",
      journal        = "Phys. Rev.",
      volume         = "C100",
      year           = "2019",
      number         = "6",
      pages          = "064003",
      doi            = "https://doi.org/10.1103/PhysRevC.100.064003",
}

@article{Golak2018,
      author         = "Golak, J. and Skibi\'ski, R. and Topolnicki, K. and Wita{\l}a, H.
                        and Grassi, A. and Kamada, H. and
                        Marcucci, L. E.",
      title          = "{Momentum space treatment of inclusive neutrino scattering off the deuteron and trinucleons}",
      journal        = "Phys. Rev.",
      volume         = "C98",
      year           = "2018",
      number         = "1",
      pages          = "015501",
      doi            = "10.1103/PhysRevC.98.015501",
}

@article{Marcucci2005,
      author         = "Marcucci, L. E. and Viviani, M. and Schiavilla, R. and Kievsky, A. and Rosati, S.",
      title          = "{Electromagnetic structure of A=2 and 3 nuclei and the nuclear current operator}",
      journal        = "Phys. Rev.",
      volume         = "C72",
      year           = "2005",
      number         = "1",
      pages          = "014001",
      doi            = "10.1103/PhysRevC.72.014001",
}



@article{WEINBERG1990,
  title    = {Nuclear forces from chiral lagrangians},
  journal  = {Physics Letters B},
  volume   = {251},
  number   = {2},
  pages    = {288-292},
  year     = {1990},
  issn     = {0370-2693},
  doi      = {https://doi.org/10.1016/0370-2693(90)90938-3},
  url      = {https://www.sciencedirect.com/science/article/pii/0370269390909383},
  author   = {Steven Weinberg},
  abstract = {The method of phenomenological lagrangians is used to derive the consequences of spontaneously broken chiral symmetry for the forces among two or more nucleons.}
}

@article{UrbanevychPhysRevC2021,
  title     = {Application of a momentum-space semi-locally regularized chiral potential to selected disintegration processes},
  author    = {Urbanevych, V. and Skibi\ifmmode \acute{n}\else \'{n}\fi{}ski, R. and Wita\l{}a, H. and Golak, J. and Topolnicki, K. and Grassi, A. and Epelbaum, E. and Krebs, H.},
  journal   = {Phys. Rev. C},
  volume    = {103},
  issue     = {2},
  pages     = {024003},
  numpages  = {11},
  year      = {2021},
  month     = {Feb},
  publisher = {American Physical Society},
  doi       = {10.1103/PhysRevC.103.024003},
  url       = {https://link.aps.org/doi/10.1103/PhysRevC.103.024003}
}
